<record><leader>00000cas a2200000 a 4500</leader><controlfield tag="001">31908402</controlfield><controlfield tag="007">hd bfu---baat</controlfield><controlfield tag="007">hd afu---bact</controlfield><controlfield tag="008">950131d18991901nbuwr nea     0    0eng d</controlfield><datafield ind1=" " ind2=" " tag="010"><subfield code="a">sn 95069096 </subfield></datafield><datafield ind1=" " ind2=" " tag="040"><subfield code="a">NVG</subfield><subfield code="b">eng</subfield><subfield code="c">NVG</subfield><subfield code="d">OCL</subfield><subfield code="d">OCLCQ</subfield><subfield code="d">OCLCF</subfield><subfield code="d">OCLCO</subfield><subfield code="d">OCLCQ</subfield></datafield><datafield ind1=" " ind2=" " tag="042"><subfield code="a">msc</subfield></datafield><datafield ind1=" " ind2=" " tag="043"><subfield code="a">n-us-nb</subfield></datafield><datafield ind1="0" ind2=" " tag="130"><subfield code="a">Prickly pear (Bloomington, Neb.)</subfield></datafield><datafield ind1="1" ind2="4" tag="245"><subfield code="a">The prickly pear.</subfield></datafield><datafield ind1="1" ind2="3" tag="246"><subfield code="a">Prickley pear</subfield></datafield><datafield ind1=" " ind2=" " tag="260"><subfield code="a">Bloomington, Neb. :</subfield><subfield code="b">Ashley &amp; Byrum,</subfield><subfield code="c">1899-1901.</subfield></datafield><datafield ind1=" " ind2=" " tag="300"><subfield code="a">3 volumes</subfield></datafield><datafield ind1=" " ind2=" " tag="310"><subfield code="a">Weekly</subfield></datafield><datafield ind1=" " ind2=" " tag="336"><subfield code="a">text</subfield><subfield code="b">txt</subfield><subfield code="2">rdacontent</subfield></datafield><datafield ind1=" " ind2=" " tag="337"><subfield code="a">microform</subfield><subfield code="b">h</subfield><subfield code="2">rdamedia</subfield></datafield><datafield ind1=" " ind2=" " tag="338"><subfield code="a">microfilm reel</subfield><subfield code="b">hd</subfield><subfield code="2">rdacarrier</subfield></datafield><datafield ind1="0" ind2=" " tag="362"><subfield code="a">Vol. 1, no. 1 (June 9, 1899)-v. 3, no. 1 (May 31, 1901).</subfield></datafield><datafield ind1=" " ind2=" " tag="500"><subfield code="a">Title from publisher's box.</subfield></datafield><datafield ind1=" " ind2=" " tag="500"><subfield code="a">Title on masthead for vol. 1, no. 1 mispelled; Prickley pear.</subfield></datafield><datafield ind1=" " ind2=" " tag="580"><subfield code="a">Merged with: Bloomington echo, to form: Bloomington advocate.</subfield></datafield><datafield ind1=" " ind2=" " tag="533"><subfield code="a">Microfilm.</subfield><subfield code="m">June 9,1899-May 31,1901.</subfield><subfield code="b">Lincoln, Neb. :</subfield><subfield code="c">Nebraska State Historical Society.</subfield><subfield code="e">1 microfilm reel ; 35 mm.</subfield></datafield><datafield ind1=" " ind2="0" tag="651"><subfield code="a">Bloomington (Neb.)</subfield><subfield code="v">Newspapers.</subfield></datafield><datafield ind1=" " ind2="7" tag="651"><subfield code="a">Nebraska</subfield><subfield code="z">Bloomington.</subfield><subfield code="2">fast</subfield><subfield code="0">(OCoLC)fst01275703</subfield></datafield><datafield ind1=" " ind2="7" tag="655"><subfield code="a">Newspapers.</subfield><subfield code="2">fast</subfield><subfield code="0">(OCoLC)fst01423814</subfield></datafield><datafield ind1=" " ind2=" " tag="752"><subfield code="a">United States</subfield><subfield code="b">Nebraska</subfield><subfield code="c">Franklin</subfield><subfield code="d">Bloomington.</subfield></datafield><datafield ind1="1" ind2="7" tag="785"><subfield code="t">Bloomington echo</subfield><subfield code="w">(DLC)sn 95069087</subfield></datafield><datafield ind1="1" ind2="7" tag="785"><subfield code="t">Bloomington advocate</subfield><subfield code="w">(DLC)sn 95069088</subfield></datafield><datafield ind1="1" ind2=" " tag="029"><subfield code="a">AU@</subfield><subfield code="b">000011526975</subfield></datafield></record>